@book{impuls,
    author={Fraenkel, Lars and Gottfridsson, Daniel and Jonasson, Ulf},
    title={Impuls Fysik. 1},
    publisher={Gleerups},
    address={Malm{\"o}},
    year={2011},
    edition={1. uppl., 2. tr.},
    ISBN={9140674150},
    keywords={Fysik},
} 